@book{kincaid_cheney,
  author = {David Kincaid and Ward Cheney},
  year = {2006},
  title = {Analiza numeryczna},
  publisher = {Wydawnictwo Naukowo-Techniczne},
address = {Warszawa}
}

@article{Ahmad2012ApplicationOC,
  title={Application of Cubic Spline in the Implementation of Braces for the Case of a Child},
  author={Rokiah Rozita Ahmad and Najah Ghazali and Azmin Sham Rambely and Nasruddin Hassan},
  journal={Journal of Mathematics and Statistics},
  year={2012},
  volume={8},
  pages={144-149},
  url={https://api.semanticscholar.org/CorpusID:55053735}
}